%% This BibTeX bibliography file was created using BibDesk.
%% http://bibdesk.sourceforge.net/


%% Created for Tomas James at 2014-12-11 22:08:59 +0000 


%% Saved with string encoding Unicode (UTF-8) 



@article{einstein,
	Author = {Albert Einstein},
	Date-Added = {2014-12-11 20:03:47 +0000},
	Date-Modified = {2014-12-11 20:04:37 +0000},
	Journal = {Science},
	Number = {2188},
	Pages = {506 - 507},
	Title = {Lens-like action of a star by the deviation of light in the gravitational field},
	Volume = {84},
	Year = {1936}}

@article{micro,
	Author = {Sumi, T and Kamiya, K and Bennett, Dp and Bond, Ia and Abe, F and Botzler, CS and Fukui, A and Furusawa, K and Hearnshaw, Jb and Itow, Y and Kilmartin, Pm and Korpela, A and Lin, W and Ling, Ch and Masuda, K and Matsubara, Y and Miyake, N and Motomura, M and Muraki, Y and Nagaya, M and Nakamura, S and Ohnishi, K and Okumura, T and Perrott, Yc and Rattenbury, N and Saito, T and Sako, T and Sullivan, Dj and Sweatman, Wl and Tristram, Pj and Yock, Pcm and Udalski, A and Szymanski, Mk and Kubiak, M and Pietrzynski, G and Poleski, R and Soszynski, I and Wyrzykowski, L and Ulaczyk, K},
	Date-Added = {2014-12-11 19:12:11 +0000},
	Date-Modified = {2014-12-11 19:57:30 +0000},
	Journal = {Nature},
	Month = {May},
	Number = {7347},
	Pages = {349 - 352},
	Title = {Unbound or distant planetary mass population detected by gravitational microlensing},
	Volume = {473},
	Year = {2011}}

@electronic{orac-dr,
	Author = {Tim Jenness and Frossie Economou and Brad Cavanagh and Malcolm J. Currie and Andy Gibb},
	Date-Added = {2014-12-09 23:23:24 +0000},
	Date-Modified = {2014-12-09 23:44:21 +0000},
	Lastchecked = {09/12/2014},
	Month = {December},
	Title = {ORAC-DR: Astronomy data reduction pipeline},
	Url = {https://github.com/Starlink/ORAC-DR},
	Urldate = {07/12/2014},
	Year = {2014},
	Bdsk-Url-1 = {https://github.com/Starlink/ORAC-DR}}

@article{model,
	Author = {Brett C. Addison and Samuel T. Durrance and Edward W. Schwieterman},
	Date-Added = {2014-12-09 23:16:53 +0000},
	Date-Modified = {2014-12-09 23:18:21 +0000},
	Journal = {Journal of the Southeastern Association for Research in Astronomy},
	Month = {November},
	Pages = {45 - 51},
	Title = {Modeling and Observing Extrasolar Planetary Transits},
	Volume = {3},
	Year = {2010}}

@electronic{starlink,
	Author = {Peter W. Draper and Normal Gray and David S. Barry and Mark Taylor},
	Date-Added = {2014-12-09 17:41:11 +0000},
	Date-Modified = {2014-12-09 18:15:22 +0000},
	Lastchecked = {09/12/2014},
	Title = {GAIA: Graphical Astronomy and Image Analysis Tool},
	Url = {http://starlink.jach.hawaii.edu/starlink},
	Year = {2014},
	Bdsk-Url-1 = {http://starlink.jach.hawaii.edu/starlink}}

@article{first,
	Author = {A. Wolszszan and D. A. Frail},
	Date-Added = {2014-12-08 20:44:27 +0000},
	Date-Modified = {2014-12-08 20:46:50 +0000},
	Journal = {Nature},
	Month = {January},
	Number = {doi:10.1038/355145a0},
	Pages = {145 - 147},
	Title = {A planetary system around the millisecond pulsar PSR1257 + 12},
	Volume = {355},
	Year = {1992}}

@webpage{pipeline,
	Date-Added = {2014-12-01 14:19:02 +0000},
	Date-Modified = {2014-12-09 23:57:07 +0000},
	Lastchecked = {01/12/2014},
	Month = {December},
	Title = {LCOGT Data Pipeline},
	Url = {http://lcogt.net/observatory/data/pipeline},
	Urldate = {n.d.},
	Year = {2012},
	Bdsk-Url-1 = {http://lcogt.net/observatory/data/pipeline}}

@webpage{sites,
	Date-Added = {2014-12-01 12:48:05 +0000},
	Date-Modified = {2014-12-09 23:57:13 +0000},
	Lastchecked = {22/11/2014},
	Month = {November},
	Title = {LCOGT Observatory Sites},
	Url = {http://lcogt.net/observatory/sites},
	Urldate = {n.d.},
	Year = {2014},
	Bdsk-Url-1 = {http://lcogt.net/observatory/sites}}

@image{rvdetect,
	Author = {R. Townsend},
	Date-Added = {2014-11-23 17:10:19 +0000},
	Date-Modified = {2014-12-01 14:11:17 +0000},
	Title = {Radial Velocity Image},
	Url = {http://www.astro.wisc.edu/~townsend/resource/teaching/diploma/doppler.jpg},
	Year = 2013,
	Bdsk-Url-1 = {http://www.astro.wisc.edu/~townsend/resource/teaching/diploma/doppler.jpg}}

@webpage{1m,
	Date-Added = {2014-11-22 15:30:48 +0000},
	Date-Modified = {2014-12-10 00:00:30 +0000},
	Lastchecked = {22/11/2014},
	Month = {November},
	Title = {LCOGT 1-meter Telescope Specifications},
	Url = {http://lcogt.net/observatory/1m},
	Urldate = {n.d.},
	Year = {2014},
	Bdsk-Url-1 = {http://lcogt.net/observatory/1m}}

@webpage{etd,
	Author = {Stanislac Paddany and Lubos Brat and Ondrej Pejcha},
	Date-Added = {2013-11-10 15:41:55 +0000},
	Date-Modified = {2014-12-09 23:57:44 +0000},
	Lastchecked = {26/11/2014},
	Month = {November},
	Title = {Exoplanet Transit Database},
	Url = {http://var2.astro.cz/ETD/},
	Urldate = {n.d.},
	Year = {2014},
	Bdsk-Url-1 = {http://var2.astro.cz/ETD/}}

@electronic{staralt,
	Author = {Peter Sorensen and Marco Azzaro and Javier M{\'e}ndez},
	Date-Added = {2013-11-10 15:24:43 +0000},
	Date-Modified = {2013-11-10 15:26:33 +0000},
	Lastchecked = {10/11/2013},
	Title = {Object Visibility - STARALT, Isaac Newton Group of Telescopes},
	Url = {http://catserver.ing.iac.es/staralt/},
	Urldate = {10 September 2013},
	Year = {2002},
	Bdsk-Url-1 = {http://catserver.ing.iac.es/staralt/}}

@article{stats,
	Author = {St{\'e}phane Udry and Nuno C. Santos},
	Date-Added = {2013-11-09 16:31:32 +0000},
	Date-Modified = {2013-11-09 16:33:57 +0000},
	Journal = {The Annual Review of Astronomy and Astrophysics},
	Month = {May},
	Pages = {397 - 493},
	Title = {Statistical Properties of Exoplanets},
	Volume = {45},
	Year = {2007}}

@webpage{exo,
	Author = {{Extrasolar Planets Encyclopaedia}},
	Date-Added = {2013-11-09 15:18:45 +0000},
	Date-Modified = {2014-12-09 23:57:50 +0000},
	Lastchecked = {09/11/2014},
	Month = {November},
	Title = {Extrasolar Planets Encyclopaedia},
	Url = {http://www.exoplanet.eu},
	Urldate = {n.d.},
	Year = {2014},
	Bdsk-Url-1 = {http://www.exoplanet.eu}}

@article{false,
	Annote = {http://iopscience.iop.org/0004-637X/738/2/170/pdf/apj_738_2_170.pdf},
	Author = {Timothy D. Morton and John Asher Johnson},
	Date-Added = {2013-11-08 17:05:23 +0000},
	Date-Modified = {2013-11-09 15:03:07 +0000},
	Journal = {The Astrophysical Journal},
	Month = {September},
	Number = {738},
	Pages = {1 - 12},
	Title = {On the Low False Positive Probabilities of Kepler Planet Candidates},
	Volume = {170},
	Year = {2011}}

@article{MQ,
	Annote = {http://www.pi1.uni-stuttgart.de/soellerhaus/soellerhaus_2012/DenglArmin_Nature_1995.pdf},
	Author = {Michel Mayor and Didier Queloz},
	Date-Added = {2013-11-08 16:22:35 +0000},
	Date-Modified = {2013-11-09 15:00:39 +0000},
	Journal = {Nature},
	Month = {November},
	Number = {1},
	Pages = {355 - 359},
	Title = {A Jupiter-mass companion to a solar-type star},
	Volume = {378},
	Year = {1995}}

@article{keplererror,
	Adsnote = {Provided by the SAO/NASA Astrophysics Data System},
	Adsurl = {http://adsabs.harvard.edu/abs/2013arXiv1310.2133S},
	Archiveprefix = {arXiv},
	Author = {{Santerne}, A. and {D{\'{\i}}az}, R.~F. and {Almenara}, J.-M. and {Lethuillier}, A. and {Deleuil}, M. and {Moutou}, C.},
	Date-Modified = {2013-11-09 15:34:18 +0000},
	Eprint = {1310.2133},
	Month = oct,
	Primaryclass = {astro-ph.EP},
	Title = {{Astrophysical false positives in exoplanet transit surveys: why do we need bright stars ?}},
	Year = 2013}

@article{radius,
	Archiveprefix = {arXiv},
	Author = {Charbonneau, David and Brown, Timothy M. and Burrows, Adam and Laughlin, Greg},
	Eprint = {astro-ph/0603376},
	Month = mar,
	Primaryclass = {astro-ph},
	Slaccitation = {%%CITATION = ASTRO-PH/0603376;%%},
	Title = {{When extrasolar planets transit their parent stars}},
	Year = {2006}}

@image{transitimg,
	Author = {{NASA Exoplanet Archive}},
	Date-Added = {2013-11-08 16:22:35 +0000},
	Date-Modified = {2013-11-09 19:41:20 +0000},
	Title = {{Transit Example Image}},
	Url = {http://exoplanetarchive.ipac.caltech.edu/applications/TransitSearch/guide/img/transit.jpg},
	Year = 2010,
	Bdsk-Url-1 = {http://exoplanetarchive.ipac.caltech.edu/applications/TransitSearch/guide/img/transit.jpg}}
