%% This BibTeX bibliography file was created using BibDesk.
%% http://bibdesk.sourceforge.net/


%% Created for Tomas James at 2015-05-06 20:42:53 +0100 


%% Saved with string encoding Unicode (UTF-8) 



@article{hotjupiter,
	Author = {Raymond, Sean and Quinn, Thomas and Lunine, Jonathan},
	Date-Added = {2015-05-06 17:45:32 +0000},
	Date-Modified = {2015-05-06 19:14:34 +0000},
	Journal = {Icarus},
	Month = {09},
	Number = {1},
	Pages = {256--263},
	Title = {The formation and habitability of terrestrial planets in the presence of close-in giant planets},
	Volume = {1777},
	Year = {2005}}

@electronic{keplerfailure,
	Author = {Roger Hunter},
	Date-Added = {2015-05-06 17:30:25 +0000},
	Date-Modified = {2015-05-06 19:42:35 +0000},
	Lastchecked = {06/05/2015},
	Month = {5},
	Title = {Kepler Mission Manager Update},
	Url = {http://www.nasa.gov/mission_pages/kepler/news/keplerm-20130521.html},
	Urldate = {May 21st 2013},
	Year = {2013},
	Bdsk-Url-1 = {http://www.nasa.gov/mission_pages/kepler/news/keplerm-20130521.html}}

@electronic{nasakepler,
	Author = {NASA},
	Date-Added = {2015-05-06 17:27:16 +0000},
	Date-Modified = {2015-05-06 17:28:30 +0000},
	Lastchecked = {06/05/2015},
	Title = {Liftoff of the Kepler spacecraft},
	Url = {http://www.nasa.gov/mission_pages/kepler/launch/index.html},
	Year = {2009},
	Bdsk-Url-1 = {http://www.nasa.gov/mission_pages/kepler/launch/index.html}}

@article{close,
	Author = {Dumusque, Xavier and Pepe, Francesco and Lovis, Christophe and Segransan, Damien and Sahlmann, Johannes and Benz, Willy and Bouchy, Francois and Mayor, Michel and Queloz, Didier and Santos, Nuno and Udry, Stephane},
	Date-Added = {2015-05-02 15:49:09 +0000},
	Date-Modified = {2015-05-02 15:52:54 +0000},
	Journal = {Nature},
	Month = {11},
	Number = {7423},
	Pages = {207--211},
	Title = {An Earth-mass planet orbiting Alpha Centauri B},
	Volume = {491},
	Year = {2012}}

@article{prevalent,
	Adsnote = {Provided by the SAO/NASA Astrophysics Data System},
	Adsurl = {http://adsabs.harvard.edu/abs/2013PNAS..11019273P},
	Archiveprefix = {arXiv},
	Author = {{Petigura}, E.~A. and {Howard}, A.~W. and {Marcy}, G.~W.},
	Eprint = {1311.6806},
	Journal = {Proceedings of the National Academy of Science},
	Keywords = {extrasolar planets, astrobiology},
	Month = nov,
	Pages = {19273-19278},
	Primaryclass = {astro-ph.EP},
	Title = {{Prevalence of Earth-size planets orbiting Sun-like stars}},
	Volume = 110,
	Year = 2013}

@article{einstein,
	Author = {Albert Einstein},
	Date-Added = {2015-04-26 20:00:45 +0000},
	Date-Modified = {2015-04-26 20:01:37 +0000},
	Journal = {Science},
	Number = {2188},
	Pages = {506--507},
	Title = {Lens-like action of a star by the deviation of light in the gravitational field},
	Volume = {84},
	Year = {1936}}

@article{wasp12bknown,
	Adsnote = {Provided by the SAO/NASA Astrophysics Data System},
	Adsurl = {http://adsabs.harvard.edu/abs/2011AJ....141..179C},
	Archiveprefix = {arXiv},
	Author = {{Chan}, T. and {Ingemyr}, M. and {Winn}, J.~N. and {Holman}, M.~J. and {Sanchis-Ojeda}, R. and {Esquerdo}, G. and {Everett}, M.},
	Doi = {10.1088/0004-6256/141/6/179},
	Eid = {179},
	Eprint = {1103.3078},
	Journal = {\aj},
	Keywords = {planetary systems, stars: individual: TrES-4 HAT-P-3 WASP-12},
	Month = jun,
	Pages = {179},
	Primaryclass = {astro-ph.EP},
	Title = {{The Transit Light-curve Project. XIV. Confirmation of Anomalous Radii for the Exoplanets TrES-4b, HAT-P-3b, and WASP-12b}},
	Volume = 141,
	Year = 2011,
	Bdsk-Url-1 = {http://dx.doi.org/10.1088/0004-6256/141/6/179}}

@article{qatar1bknown,
	Adsnote = {Provided by the SAO/NASA Astrophysics Data System},
	Adsurl = {http://adsabs.harvard.edu/abs/2011MNRAS.417..709A},
	Archiveprefix = {arXiv},
	Author = {{Alsubai}, K.~A. and {Parley}, N.~R. and {Bramich}, D.~M. and {West}, R.~G. and {Sorensen}, P.~M. and {Collier Cameron}, A. and {Latham}, D.~W. and {Horne}, K. and {Anderson}, D.~R. and {Bakos}, G.~{\'A}. and {Brown}, D.~J.~A. and {Buchhave}, L.~A. and {Esquerdo}, G.~A. and {Everett}, M.~E. and {F{\.z}r{\'e}sz}, G. and {Hartman}, J.~D. and {Hellier}, C. and {Miller}, G.~M. and {Pollacco}, D. and {Quinn}, S.~N. and {Smith}, J.~C. and {Stefanik}, R.~P. and {Szentgyorgyi}, A.},
	Doi = {10.1111/j.1365-2966.2011.19316.x},
	Eprint = {1012.3027},
	Journal = {\mnras},
	Keywords = {techniques: photometric, techniques: radial velocities, techniques: spectroscopic, stars: individual: Qatar-1, planetary systems},
	Month = oct,
	Pages = {709-716},
	Primaryclass = {astro-ph.EP},
	Title = {{Qatar-1b: a hot Jupiter orbiting a metal-rich K dwarf star}},
	Volume = 417,
	Year = 2011,
	Bdsk-Url-1 = {http://dx.doi.org/10.1111/j.1365-2966.2011.19316.x}}

@article{hatp25bknown,
	Adsnote = {Provided by the SAO/NASA Astrophysics Data System},
	Adsurl = {http://adsabs.harvard.edu/abs/2012ApJ...745...80Q},
	Archiveprefix = {arXiv},
	Author = {{Quinn}, S.~N. and {Bakos}, G.~{\'A}. and {Hartman}, J. and {Torres}, G. and {Kov{\'a}cs}, G. and {Latham}, D.~W. and {Noyes}, R.~W. and {Fischer}, D.~A. and {Johnson}, J.~A. and {Marcy}, G.~W. and {Howard}, A.~W. and {Szentgyorgyi}, A. and {F{\H u}r{\'e}sz}, G. and {Buchhave}, L.~A. and {B{\'e}ky}, B. and {Sasselov}, D.~D. and {Stefanik}, R.~P. and {Perumpilly}, G. and {Everett}, M. and {L{\'a}z{\'a}r}, J. and {Papp}, I. and {S{\'a}ri}, P.},
	Doi = {10.1088/0004-637X/745/1/80},
	Eid = {80},
	Eprint = {1008.3565},
	Journal = {\apj},
	Keywords = {planetary systems, stars: individual: HAT-P-25 GSC 1788-01237, techniques: photometric, techniques: spectroscopic},
	Month = jan,
	Pages = {80},
	Primaryclass = {astro-ph.EP},
	Title = {{HAT-P-25b: A Hot-Jupiter Transiting a Moderately Faint G Star}},
	Volume = 745,
	Year = 2012,
	Bdsk-Url-1 = {http://dx.doi.org/10.1088/0004-637X/745/1/80}}

@article{sextractor,
	Adsnote = {Provided by the SAO/NASA Astrophysics Data System},
	Adsurl = {http://adsabs.harvard.edu/abs/1996A%26AS..117..393B},
	Author = {{Bertin}, E. and {Arnouts}, S.},
	Doi = {10.1051/aas:1996164},
	Journal = {\aaps},
	Keywords = {METHODS: DATA ANALYSIS, TECHNIQUES: IMAGE PROCESSING, GALAXIES: PHOTOMETRY},
	Month = jun,
	Pages = {393-404},
	Title = {{SExtractor: Software for source extraction.}},
	Volume = 117,
	Year = 1996,
	Bdsk-Url-1 = {http://dx.doi.org/10.1051/aas:1996164}}

@article{micro,
	Adsnote = {Provided by the SAO/NASA Astrophysics Data System},
	Adsurl = {http://adsabs.harvard.edu/abs/2011Natur.473..349S},
	Archiveprefix = {arXiv},
	Author = {{Sumi}, T. and {Kamiya}, K. and {Bennett}, D.~P. and {Bond}, I.~A. and {Abe}, F. and {Botzler}, C.~S. and {Fukui}, A. and {Furusawa}, K. and {Hearnshaw}, J.~B. and {Itow}, Y. and {Kilmartin}, P.~M. and {Korpela}, A. and {Lin}, W. and {Ling}, C.~H. and {Masuda}, K. and {Matsubara}, Y. and {Miyake}, N. and {Motomura}, M. and {Muraki}, Y. and {Nagaya}, M. and {Nakamura}, S. and {Ohnishi}, K. and {Okumura}, T. and {Perrott}, Y.~C. and {Rattenbury}, N. and {Saito}, T. and {Sako}, T. and {Sullivan}, D.~J. and {Sweatman}, W.~L. and {Tristram}, P.~J. and {Udalski}, A. and {Szyma{\'n}ski}, M.~K. and {Kubiak}, M. and {Pietrzy{\'n}ski}, G. and {Poleski}, R. and {Soszy{\'n}ski}, I. and {Wyrzykowski}, {\L}. and {Ulaczyk}, K. and {Microlensing Observations in Astrophysics (MOA) Collaboration}},
	Doi = {10.1038/nature10092},
	Eprint = {1105.3544},
	Journal = {\nat},
	Month = may,
	Pages = {349-352},
	Primaryclass = {astro-ph.EP},
	Title = {{Unbound or distant planetary mass population detected by gravitational microlensing}},
	Volume = 473,
	Year = 2011,
	Bdsk-Url-1 = {http://dx.doi.org/10.1038/nature10092}}

@url{lemon,
	Author = {Victor Terron},
	Date-Added = {2015-04-26 13:22:03 +0000},
	Date-Modified = {2015-04-28 14:17:30 +0000},
	Lastchecked = {28/04/2015},
	Title = {LEMON: differential photometry},
	Url = {https://github.com/vterron/lemon},
	Year = {2015},
	Bdsk-Url-1 = {https://github.com/vterron/lemon}}

@book{howell,
	Author = {Steve B. Howell},
	Date-Added = {2015-04-24 16:31:57 +0000},
	Date-Modified = {2015-04-24 17:00:11 +0000},
	Edition = {2},
	Editor = {Richard Ellis, John Huchra, Steve Kahn, George Rieke, Peter B. Stetson},
	Publisher = {Cambridge University Press},
	Title = {Handbook of CCD Astronomy},
	Year = {2006}}

@book{haswell,
	Adsnote = {Provided by the SAO/NASA Astrophysics Data System},
	Adsurl = {http://ukads.nottingham.ac.uk/abs/2010trex.book.....H},
	Author = {{Haswell}, C.~A.},
	Booktitle = {Transiting Exoplanets by Carole A.~Haswell.~Cambridge University Press, 2010.~ISBN: 9780521139380},
	Month = jul,
	Title = {{Transiting Exoplanets}},
	Year = 2010}

@article{vanhamme,
	Author = {W. {Van Hamme}},
	Date-Added = {2015-04-21 15:24:42 +0000},
	Date-Modified = {2015-04-21 15:29:12 +0000},
	Journal = {The Astronomical Journal},
	Month = {11},
	Number = {5},
	Pages = {2096 -- 2117},
	Title = {New Limb Darkening Coefficients for Modeling Binary Star Light Curves},
	Volume = {106},
	Year = {1993}}

@article{sweeps,
	Author = {Sahu, Kailash C. and Casertano, Stefano and Bond, Howard E. and Valenti, Jeff and Ed Smith, T. and Minniti, Dante and Zoccali, Manuela and Livio, Mario and Panagia, Nino and Piskunov, Nikolai and Brown, Thomas M. and Brown, Timothy and Renzini, Alvio and Rich, R. Michael and Clarkson, Will and Lubow, Stephen},
	Date-Added = {2015-04-20 19:56:28 +0000},
	Date-Modified = {2015-04-20 19:57:24 +0000},
	Journal = {Nature},
	Month = {10},
	Number = {7111},
	Pages = {534--540},
	Title = {Transiting extrasolar planetary candidates in the Galactic bulge},
	Volume = {443},
	Year = {2006}}

@electronic{orac-dr,
	Author = {Tim Jenness and Frossie Economou and Brad Cavanagh and Malcolm J. Currie and Andy Gibb},
	Date-Added = {2014-12-09 23:23:24 +0000},
	Date-Modified = {2014-12-09 23:44:21 +0000},
	Lastchecked = {09/12/2014},
	Month = {December},
	Title = {ORAC-DR: Astronomy data reduction pipeline},
	Url = {https://github.com/Starlink/ORAC-DR},
	Urldate = {07/12/2014},
	Year = {2014},
	Bdsk-Url-1 = {https://github.com/Starlink/ORAC-DR}}

@article{model,
	Author = {Brett C. Addison and Samuel T. Durrance and Edward W. Schwieterman},
	Date-Added = {2014-12-09 23:16:53 +0000},
	Date-Modified = {2014-12-09 23:18:21 +0000},
	Journal = {Journal of the Southeastern Association for Research in Astronomy},
	Month = {November},
	Pages = {45 - 51},
	Title = {Modeling and Observing Extrasolar Planetary Transits},
	Volume = {3},
	Year = {2010}}

@electronic{starlink,
	Author = {Peter W. Draper and Normal Gray and David S. Barry and Mark Taylor},
	Date-Added = {2014-12-09 17:41:11 +0000},
	Date-Modified = {2014-12-09 18:15:22 +0000},
	Lastchecked = {09/12/2014},
	Title = {GAIA: Graphical Astronomy and Image Analysis Tool},
	Url = {http://starlink.jach.hawaii.edu/starlink},
	Year = {2014},
	Bdsk-Url-1 = {http://starlink.jach.hawaii.edu/starlink}}

@article{first,
	Author = {A. Wolszszan and D. A. Frail},
	Date-Added = {2014-12-08 20:44:27 +0000},
	Date-Modified = {2014-12-08 20:46:50 +0000},
	Journal = {Nature},
	Month = {January},
	Number = {doi:10.1038/355145a0},
	Pages = {145 - 147},
	Title = {A planetary system around the millisecond pulsar PSR1257 + 12},
	Volume = {355},
	Year = {1992}}

@webpage{pipeline,
	Date-Added = {2014-12-01 14:19:02 +0000},
	Date-Modified = {2014-12-09 23:57:07 +0000},
	Lastchecked = {01/12/2014},
	Month = {December},
	Title = {LCOGT Data Pipeline},
	Url = {http://lcogt.net/observatory/data/pipeline},
	Urldate = {n.d.},
	Year = {2012},
	Bdsk-Url-1 = {http://lcogt.net/observatory/data/pipeline}}

@webpage{sites,
	Date-Added = {2014-12-01 12:48:05 +0000},
	Date-Modified = {2014-12-09 23:57:13 +0000},
	Lastchecked = {22/11/2014},
	Month = {November},
	Title = {LCOGT Observatory Sites},
	Url = {http://lcogt.net/observatory/sites},
	Urldate = {n.d.},
	Year = {2014},
	Bdsk-Url-1 = {http://lcogt.net/observatory/sites}}

@image{rvdetect,
	Author = {R. Townsend},
	Date-Added = {2014-11-23 17:10:19 +0000},
	Date-Modified = {2014-12-01 14:11:17 +0000},
	Title = {Radial Velocity Image},
	Url = {http://www.astro.wisc.edu/~townsend/resource/teaching/diploma/doppler.jpg},
	Year = 2013,
	Bdsk-Url-1 = {http://www.astro.wisc.edu/~townsend/resource/teaching/diploma/doppler.jpg}}

@webpage{1m,
	Date-Added = {2014-11-22 15:30:48 +0000},
	Date-Modified = {2014-12-10 00:00:30 +0000},
	Lastchecked = {22/11/2014},
	Month = {November},
	Title = {LCOGT 1-meter Telescope Specifications},
	Url = {http://lcogt.net/observatory/1m},
	Urldate = {n.d.},
	Year = {2014},
	Bdsk-Url-1 = {http://lcogt.net/observatory/1m}}

@webpage{etd,
	Author = {Stanislac Paddany and Lubos Brat and Ondrej Pejcha},
	Date-Added = {2013-11-10 15:41:55 +0000},
	Date-Modified = {2014-12-09 23:57:44 +0000},
	Lastchecked = {26/11/2014},
	Month = {November},
	Title = {Exoplanet Transit Database},
	Url = {http://var2.astro.cz/ETD/},
	Urldate = {n.d.},
	Year = {2014},
	Bdsk-Url-1 = {http://var2.astro.cz/ETD/}}

@electronic{staralt,
	Author = {Peter Sorensen and Marco Azzaro and Javier M{\'e}ndez},
	Date-Added = {2013-11-10 15:24:43 +0000},
	Date-Modified = {2013-11-10 15:26:33 +0000},
	Lastchecked = {10/11/2013},
	Title = {Object Visibility - STARALT, Isaac Newton Group of Telescopes},
	Url = {http://catserver.ing.iac.es/staralt/},
	Urldate = {10 September 2013},
	Year = {2002},
	Bdsk-Url-1 = {http://catserver.ing.iac.es/staralt/}}

@article{stats,
	Author = {St{\'e}phane Udry and Nuno C. Santos},
	Date-Added = {2013-11-09 16:31:32 +0000},
	Date-Modified = {2013-11-09 16:33:57 +0000},
	Journal = {The Annual Review of Astronomy and Astrophysics},
	Month = {May},
	Pages = {397 - 493},
	Title = {Statistical Properties of Exoplanets},
	Volume = {45},
	Year = {2007}}

@webpage{exo,
	Author = {{Extrasolar Planets Encyclopaedia}},
	Date-Added = {2013-11-09 15:18:45 +0000},
	Date-Modified = {2014-12-09 23:57:50 +0000},
	Lastchecked = {09/11/2014},
	Month = {November},
	Title = {Extrasolar Planets Encyclopaedia},
	Url = {http://www.exoplanet.eu},
	Urldate = {n.d.},
	Year = {2014},
	Bdsk-Url-1 = {http://www.exoplanet.eu}}

@article{false,
	Annote = {http://iopscience.iop.org/0004-637X/738/2/170/pdf/apj_738_2_170.pdf},
	Author = {Timothy D. Morton and John Asher Johnson},
	Date-Added = {2013-11-08 17:05:23 +0000},
	Date-Modified = {2013-11-09 15:03:07 +0000},
	Journal = {The Astrophysical Journal},
	Month = {September},
	Number = {738},
	Pages = {1 - 12},
	Title = {On the Low False Positive Probabilities of Kepler Planet Candidates},
	Volume = {170},
	Year = {2011}}

@article{MQ,
	Annote = {http://www.pi1.uni-stuttgart.de/soellerhaus/soellerhaus_2012/DenglArmin_Nature_1995.pdf},
	Author = {Michel Mayor and Didier Queloz},
	Date-Added = {2013-11-08 16:22:35 +0000},
	Date-Modified = {2013-11-09 15:00:39 +0000},
	Journal = {Nature},
	Month = {November},
	Number = {1},
	Pages = {355 - 359},
	Title = {A Jupiter-mass companion to a solar-type star},
	Volume = {378},
	Year = {1995}}

@article{keplererror,
	Adsnote = {Provided by the SAO/NASA Astrophysics Data System},
	Adsurl = {http://adsabs.harvard.edu/abs/2013arXiv1310.2133S},
	Archiveprefix = {arXiv},
	Author = {{Santerne}, A. and {D{\'{\i}}az}, R.~F. and {Almenara}, J.-M. and {Lethuillier}, A. and {Deleuil}, M. and {Moutou}, C.},
	Date-Modified = {2013-11-09 15:34:18 +0000},
	Eprint = {1310.2133},
	Journal = {ArXiv e-prints},
	Month = oct,
	Primaryclass = {astro-ph.EP},
	Title = {{Astrophysical false positives in exoplanet transit surveys: why do we need bright stars ?}},
	Year = 2013}

@image{transitimg,
	Author = {{NASA Exoplanet Archive}},
	Date-Added = {2013-11-08 16:22:35 +0000},
	Date-Modified = {2013-11-09 19:41:20 +0000},
	Title = {{Transit Example Image}},
	Url = {http://exoplanetarchive.ipac.caltech.edu/applications/TransitSearch/guide/img/transit.jpg},
	Year = 2010,
	Bdsk-Url-1 = {http://exoplanetarchive.ipac.caltech.edu/applications/TransitSearch/guide/img/transit.jpg}}

@article{radius,
	Adsnote = {Provided by the SAO/NASA Astrophysics Data System},
	Adsurl = {http://adsabs.harvard.edu/abs/2007prpl.conf..701C},
	Author = {{Charbonneau}, D. and {Brown}, T.~M. and {Burrows}, A. and {Laughlin}, G.},
	Eprint = {astro-ph/0603376},
	Journal = {Protostars and Planets V},
	Pages = {701-716},
	Title = {{When Extrasolar Planets Transit Their Parent Stars}},
	Year = 2007}
